@article{wigner_periodic,
author = {Paarmann, L.D.},
title = {Analysis of the Wigner-Ville transform of periodic signals},
journal = {IEEE},
year = 1994
}

@book{lanczos,
author = {Lanczos, C.},
title = {Discourse on Fourier Series},
publisher = {SIAM Classics in Applied Mathematics},
year = {2016}
}

@book{vankampen,
author = {van Kampen, N.G.},
title = {Stochastic processes in physics and chemistry},
publisher = {Elsevier},
edition = {3rd},
year = {2007}
}

@book{lanczos2,
author = {Lanczos, C.},
title = {Applied Analysis},
publisher = {Dover},
address = {New York},
year = 1958
}

@book{kutz,
author = {Kutz, J.N.},
title = {Data-driven Modeling and Scientific Computation},
publisher = {Oxford University Press},
edition = {1st},
year = {2013}
}